@article{Lamport11,
  author    = {Leslie Lamport},
  title     = {Euclid Writes an Algorithm: A Fairytale},
  journal   = {Int. J. Software and Informatics},
  volume    = {5},
  number    = {1--2},
  year      = {2011},
  pages     = {7--20},
  ee        = {http://www.ijsi.org/ch/reader/view_abstract.aspx?file_no=i73},
  bibsource = {DBLP, http://dblp.uni-trier.de}
}

@inproceedings{AguileraGL08,
  author    = {Marcos Kawazoe Aguilera and
               Eli Gafni and
               Leslie Lamport},
  title     = {The Mailbox Problem},
  booktitle = {DISC},
  year      = {2008},
  pages     = {1--15},
  ee        = {http://dx.doi.org/10.1007/978-3-540-87779-0_1},
  crossref  = {DBLP:conf/wdag/2008},
  bibsource = {DBLP, http://dblp.uni-trier.de}
}

@proceedings{DBLP:conf/wdag/2008,
  editor    = {Gadi Taubenfeld},
  title     = {Distributed Computing, 22nd International Symposium, DISC
               2008, Arcachon, France, September 22--24, 2008. Proceedings},
  booktitle = {DISC},
  publisher = {Springer},
  series    = {Lecture Notes in Computer Science},
  volume    = {5218},
  year      = {2008},
  isbn      = {978-3-540-87778-3},
  bibsource = {DBLP, http://dblp.uni-trier.de}
}

@book{Lamport94,
  author    = {Leslie Lamport},
  title     = {\LaTeX{} -- A Document Preparation System: User's Guide and
               Reference Manual, Second Edition},
  publisher = {Pearson/Prentice Hall},
  year      = {1994},
  isbn      = {978-0-201-52983-8},
  pages     = {I--XVI, 1--272},
  bibsource = {DBLP, http://dblp.uni-trier.de}
}
